<record><leader>00000cas a2200000 a 4500</leader><controlfield tag="001">9138655</controlfield><controlfield tag="008">830118d18291840mdudn ne      0    0eng  </controlfield><datafield ind1=" " ind2=" " tag="010"><subfield code="a">sn 83009596 </subfield></datafield><datafield ind1=" " ind2=" " tag="040"><subfield code="a">DLC</subfield><subfield code="b">eng</subfield><subfield code="c">DLC</subfield><subfield code="d">NPX</subfield><subfield code="d">MFN</subfield><subfield code="d">DLC</subfield><subfield code="d">MFN</subfield><subfield code="d">MGN</subfield><subfield code="d">CNK</subfield><subfield code="d">CNW</subfield><subfield code="d">NVK</subfield><subfield code="d">DLC</subfield><subfield code="d">OCL</subfield><subfield code="d">OCLCQ</subfield><subfield code="d">DLC</subfield><subfield code="d">AQM</subfield><subfield code="d">OCLCQ</subfield><subfield code="d">OCLCO</subfield><subfield code="d">OCLCF</subfield></datafield><datafield ind1=" " ind2=" " tag="019"><subfield code="a">207888631</subfield></datafield><datafield ind1=" " ind2=" " tag="042"><subfield code="a">pcc</subfield></datafield><datafield ind1=" " ind2=" " tag="043"><subfield code="a">n-us-md</subfield></datafield><datafield ind1="0" ind2="0" tag="050"><subfield code="a">Newspaper</subfield></datafield><datafield ind1="0" ind2=" " tag="130"><subfield code="a">Commercial chronicle and daily Marylander (Baltimore, Md. : Daily)</subfield></datafield><datafield ind1="1" ind2="0" tag="245"><subfield code="a">Commercial chronicle and daily Marylander.</subfield></datafield><datafield ind1="3" ind2="0" tag="246"><subfield code="a">Commercial chronicle &amp; daily Marylander</subfield></datafield><datafield ind1="1" ind2="3" tag="246"><subfield code="a">Chronicle</subfield></datafield><datafield ind1=" " ind2=" " tag="260"><subfield code="a">Baltimore, Md. :</subfield><subfield code="b">S.C. Leakin</subfield></datafield><datafield ind1=" " ind2=" " tag="300"><subfield code="a">v.</subfield></datafield><datafield ind1=" " ind2=" " tag="310"><subfield code="a">Daily (except Sun.)</subfield></datafield><datafield ind1="0" ind2=" " tag="362"><subfield code="a">Vol. 10, no. 3020 (Jan. 14, 1829)-</subfield></datafield><datafield ind1="1" ind2=" " tag="362"><subfield code="a">Ceased in 1840?</subfield></datafield><datafield ind1=" " ind2=" " tag="500"><subfield code="a">Title varies slightly.</subfield></datafield><datafield ind1=" " ind2=" " tag="500"><subfield code="a">Publisher varies: Samuel Barnes, &lt;1835&gt;.</subfield></datafield><datafield ind1=" " ind2=" " tag="530"><subfield code="a">Also issued on microfilm from the Library of Congress, Photoduplication Service.</subfield></datafield><datafield ind1=" " ind2=" " tag="580"><subfield code="a">Triweekly eds.: Commercial chronicle &amp; daily Marylander (Baltimore, Md. : Triweekly), 1829-1830; Chronicle &amp; daily Marylander, 1831-1833; Chronicle &amp; Marylander, 1833; Chronicle (Baltimore, Md.), 1833-1840.</subfield></datafield><datafield ind1=" " ind2="0" tag="651"><subfield code="a">Baltimore (Md.)</subfield><subfield code="v">Newspapers.</subfield></datafield><datafield ind1=" " ind2="7" tag="655"><subfield code="a">Newspapers.</subfield><subfield code="2">rbgenr</subfield></datafield><datafield ind1=" " ind2="7" tag="655"><subfield code="a">Newspapers.</subfield><subfield code="2">fast</subfield><subfield code="0">(OCoLC)fst01423814</subfield></datafield><datafield ind1=" " ind2="7" tag="651"><subfield code="a">Maryland</subfield><subfield code="z">Baltimore.</subfield><subfield code="2">fast</subfield><subfield code="0">(OCoLC)fst01204292</subfield></datafield><datafield ind1=" " ind2=" " tag="752"><subfield code="a">United States</subfield><subfield code="b">Maryland</subfield><subfield code="d">Baltimore.</subfield></datafield><datafield ind1="1" ind2=" " tag="775"><subfield code="t">Commercial chronicle &amp; daily Marylander (Baltimore, Md. : Triweekly)</subfield><subfield code="w">(DLC)sn 83009606</subfield></datafield><datafield ind1="1" ind2=" " tag="775"><subfield code="t">Chronicle &amp; daily Marylander</subfield><subfield code="w">(DLC)sn 83009603</subfield></datafield><datafield ind1="1" ind2=" " tag="775"><subfield code="t">Chronicle &amp; Marylander</subfield><subfield code="w">(DLC)sn 83009608</subfield></datafield><datafield ind1="1" ind2=" " tag="775"><subfield code="t">Chronicle (Baltimore, Md.)</subfield><subfield code="w">(DLC)sn 83009609</subfield></datafield><datafield ind1="0" ind2="4" tag="780"><subfield code="t">Commercial chronicle &amp; Baltimore advertiser (Baltimore, Md. : Daily)</subfield><subfield code="w">(DLC)sn 83009579</subfield><subfield code="w">(OCoLC)9117542</subfield></datafield><datafield ind1="0" ind2="4" tag="780"><subfield code="t">Marylander (Baltimore, Md. : Semiweekly)</subfield><subfield code="w">(DLC)sn 83009645</subfield><subfield code="w">(OCoLC)9248360</subfield></datafield></record>